@misc{lecturenotes,
    author = {Georg Prokert},
    title = {Lecture Notes Ordinary Differential Equations (2MBC20)},
    year = {2024/2025},
    howpublished = {Distributed via Canvas, Eindhoven University of Technology}
}

@book{meyer_1980_pelletizing,
  author = {Meyer, Kurt},
  publisher = {Springer-Verlag Berlin },
  title = {Pelletizing of Iron Ores},
  year = {1980}
}